@misc{cho2014learning,
	title={Learning Phrase Representations using RNN Encoder-Decoder for Statistical Machine Translation}, 
	author={Kyunghyun Cho and Bart van Merrienboer and Caglar Gulcehre and Dzmitry Bahdanau and Fethi Bougares and Holger Schwenk and Yoshua Bengio},
	year={2014},
	eprint={1406.1078},
	archivePrefix={arXiv},
	primaryClass={cs.CL}
}

@ARTICLE{58337,
  author={P. J. {Werbos}},
  journal={Proceedings of the IEEE}, 
  title={Backpropagation through time: what it does and how to do it}, 
  year={1990},
  volume={78},
  number={10},
  pages={1550-1560},
  doi={10.1109/5.58337}}

@online{colahs-lstm,
	ALTauthor = {Christopher Olah},
	title = {Understanding LSTM Networks},
	date = {2020-11-25},
	url = {https://colah.github.io/posts/2015-08-Understanding-LSTMs/},
}
@online{tfs-gru,
	ALTauthor = {Simeon Kostadinov},
	title = {Understanding GRU Networks},
	date = {2017-12-16},
	url = {https://towardsdatascience.com/understanding-gru-networks-2ef37df6c9be},
}
