@article{bengio1994learning,
	title={Learning long-term dependencies with gradient descent is difficult},
	author={Bengio, Yoshua and Simard, Patrice and Frasconi, Paolo},
	journal={IEEE transactions on neural networks},
	volume={5},
	number={2},
	pages={157--166},
	year={1994},
	publisher={IEEE}
}

@article{hochreiter1997long,
	title={Long short-term memory},
	author={Hochreiter, Sepp and Schmidhuber, J{\"u}rgen},
	journal={Neural computation},
	volume={9},
	number={8},
	pages={1735--1780},
	year={1997},
	publisher={MIT Press}
}

@inproceedings{cho2014learning,
	title = {Learning Phrase Representations using {RNN} Encoder{--}Decoder for Statistical Machine Translation},
	author = {Cho, Kyunghyun  and
	van Merri{\"e}nboer, Bart  and
	Gulcehre, Caglar  and
	Bahdanau, Dzmitry  and
	Bougares, Fethi  and
	Schwenk, Holger  and
	Bengio, Yoshua},
	booktitle = "Proceedings of the 2014 Conference on Empirical Methods in Natural Language Processing ({EMNLP})",
	month = {oct},
	year = {2014},
	address = {Doha, Qatar},
	publisher = {Association for Computational Linguistics},
	url = {https://aclanthology.org/D14-1179},
	doi = {10.3115/v1/D14-1179},
	pages = {1724--1734},
}

@misc{chung2014empirical,
	title={Empirical Evaluation of Gated Recurrent Neural Networks on Sequence Modeling}, 
	author={Junyoung Chung and Caglar Gulcehre and KyungHyun Cho and Yoshua Bengio},
	year={2014},
	eprint={1412.3555},
	archivePrefix={arXiv},
	primaryClass={cs.NE}
}

@article{mozer1995bptt,
	author = {Mozer, Michael},
	year = {1995},
	month = {01},
	pages = {},
	title = {A Focused Backpropagation Algorithm for Temporal Pattern Recognition},
	volume = {3},
	journal = {Complex Systems}
}

@misc{dey2017gatevariants,
	title={Gate-Variants of Gated Recurrent Unit (GRU) Neural Networks}, 
	author={Rahul Dey and Fathi M. Salem},
	year={2017},
	eprint={1701.05923},
	archivePrefix={arXiv},
	primaryClass={cs.NE}
}
@article{li2016tutorial,
	title={A Tutorial On Backward Propagation Through Time (BPTT) In The Gated Recurrent Unit (GRU) RNN},
	author={Li, Minchen},
	year={2016}
}

@misc{kingma2017adam,
	title={Adam: A Method for Stochastic Optimization}, 
	author={Diederik P. Kingma and Jimmy Ba},
	year={2017},
	eprint={1412.6980},
	archivePrefix={arXiv},
	primaryClass={cs.LG}
}
@article{duchi2011adaptive,
	title={Adaptive subgradient methods for online learning and stochastic optimization.},
	author={Duchi, John and Hazan, Elad and Singer, Yoram},
	journal={Journal of machine learning research},
	volume={12},
	number={7},
	year={2011}
}

@misc{kumar2017weight,
	title={On weight initialization in deep neural networks}, 
	author={Siddharth Krishna Kumar},
	year={2017},
	eprint={1704.08863},
	archivePrefix={arXiv},
	primaryClass={cs.LG}
}
